<record><leader>00000cas a2200000 a 4500</leader><controlfield tag="001">11832096</controlfield><controlfield tag="008">850321d18901897ksuwr ne      0   a0ger d</controlfield><datafield ind1=" " ind2=" " tag="010"><subfield code="a">sn 85031013 </subfield></datafield><datafield ind1=" " ind2=" " tag="040"><subfield code="a">KSH</subfield><subfield code="b">eng</subfield><subfield code="c">KSH</subfield><subfield code="d">NPT</subfield><subfield code="d">OCL</subfield><subfield code="d">OCLCQ</subfield></datafield><datafield ind1="0" ind2=" " tag="041"><subfield code="a">gereng</subfield></datafield><datafield ind1=" " ind2=" " tag="042"><subfield code="a">msc</subfield></datafield><datafield ind1="0" ind2="0" tag="245"><subfield code="a">Hillsboro Anzeiger.</subfield></datafield><datafield ind1=" " ind2=" " tag="260"><subfield code="a">Hillsboro, Kan. :</subfield><subfield code="b">J.F. Harms,</subfield><subfield code="c">1890-1897.</subfield></datafield><datafield ind1=" " ind2=" " tag="300"><subfield code="a">6 v. ;</subfield><subfield code="c">37 cm.</subfield></datafield><datafield ind1=" " ind2=" " tag="310"><subfield code="a">Weekly</subfield></datafield><datafield ind1="0" ind2=" " tag="362"><subfield code="a">Jahrg. 4, Nr. 1 (Apr. 18, 1890)-Jahrg. 10, Nr. 49 (Dez. 3, 1897).</subfield></datafield><datafield ind1=" " ind2=" " tag="500"><subfield code="a">"Republican."</subfield></datafield><datafield ind1=" " ind2=" " tag="525"><subfield code="a">Supplements included.</subfield></datafield><datafield ind1=" " ind2=" " tag="546"><subfield code="a">In German with some articles in English.</subfield></datafield><datafield ind1=" " ind2=" " tag="752"><subfield code="a">United States</subfield><subfield code="b">Kansas</subfield><subfield code="c">Marion</subfield><subfield code="d">Hillsboro.</subfield></datafield><datafield ind1="0" ind2="0" tag="780"><subfield code="t">Marion County Anzeiger</subfield><subfield code="w">(DLC)sn 85030993</subfield></datafield><datafield ind1="0" ind2="7" tag="785"><subfield code="t">Kansas Volksblatt (Newton, Kan. : 1897)</subfield><subfield code="w">(DLC)sn 84030601</subfield></datafield><datafield ind1="0" ind2="7" tag="785"><subfield code="t">Kansas Volksblatt und Anzeiger</subfield><subfield code="w">(DLC)sn 84030602</subfield></datafield></record>